%YAML 1.1
%TAG !u! tag:unity3d.com,2011:
--- !u!1 &223477149192722693
GameObject:
  m_ObjectHideFlags: 0
  m_CorrespondingSourceObject: {fileID: 0}
  m_PrefabInstance: {fileID: 0}
  m_PrefabAsset: {fileID: 0}
  serializedVersion: 6
  m_Component:
  - component: {fileID: 3922952853982163895}
  m_Layer: 0
  m_Name: Hand_L
  m_TagString: Untagged
  m_Icon: {fileID: 0}
  m_NavMeshLayer: 0
  m_StaticEditorFlags: 0
  m_IsActive: 1
--- !u!4 &3922952853982163895
Transform:
  m_ObjectHideFlags: 0
  m_CorrespondingSourceObject: {fileID: 0}
  m_PrefabInstance: {fileID: 0}
  m_PrefabAsset: {fileID: 0}
  m_GameObject: {fileID: 223477149192722693}
  m_LocalRotation: {x: 0.00019068705, y: 0.016464371, z: -0.011583526, w: 0.99979734}
  m_LocalPosition: {x: -1.4773784, y: -0.00000021234155, z: -0.00000032037497}
  m_LocalScale: {x: 0.99999976, y: 0.99999994, z: 0.9999997}
  m_Children: []
  m_Father: {fileID: 7437009179152681055}
  m_RootOrder: 0
  m_LocalEulerAnglesHint: {x: 0, y: 0, z: 0}
--- !u!1 &249972040272091749
GameObject:
  m_ObjectHideFlags: 0
  m_CorrespondingSourceObject: {fileID: 0}
  m_PrefabInstance: {fileID: 0}
  m_PrefabAsset: {fileID: 0}
  serializedVersion: 6
  m_Component:
  - component: {fileID: 419472634169427804}
  m_Layer: 0
  m_Name: Foot_L
  m_TagString: Untagged
  m_Icon: {fileID: 0}
  m_NavMeshLayer: 0
  m_StaticEditorFlags: 0
  m_IsActive: 1
--- !u!4 &419472634169427804
Transform:
  m_ObjectHideFlags: 0
  m_CorrespondingSourceObject: {fileID: 0}
  m_PrefabInstance: {fileID: 0}
  m_PrefabAsset: {fileID: 0}
  m_GameObject: {fileID: 249972040272091749}
  m_LocalRotation: {x: -0.00000006680022, y: 0.0000000036789662, z: 0.80374706, w: 0.5949712}
  m_LocalPosition: {x: -1.4150723, y: 0.000000072905095, z: -4.65661e-10}
  m_LocalScale: {x: 0.99999994, y: 0.99999994, z: 1.0000001}
  m_Children: []
  m_Father: {fileID: 8718584540343651859}
  m_RootOrder: 0
  m_LocalEulerAnglesHint: {x: 0, y: 0, z: 0}
--- !u!1 &1060538796415040990
GameObject:
  m_ObjectHideFlags: 0
  m_CorrespondingSourceObject: {fileID: 0}
  m_PrefabInstance: {fileID: 0}
  m_PrefabAsset: {fileID: 0}
  serializedVersion: 6
  m_Component:
  - component: {fileID: 4042465687659175682}
  - component: {fileID: 3563791814730076795}
  m_Layer: 0
  m_Name: Head
  m_TagString: Untagged
  m_Icon: {fileID: 0}
  m_NavMeshLayer: 0
  m_StaticEditorFlags: 0
  m_IsActive: 1
--- !u!4 &4042465687659175682
Transform:
  m_ObjectHideFlags: 0
  m_CorrespondingSourceObject: {fileID: 0}
  m_PrefabInstance: {fileID: 0}
  m_PrefabAsset: {fileID: 0}
  m_GameObject: {fileID: 1060538796415040990}
  m_LocalRotation: {x: -0.04833875, y: 0.012880338, z: -0.011029092, w: 0.9986871}
  m_LocalPosition: {x: -0.010194305, y: -0.04812324, z: 5.246314}
  m_LocalScale: {x: 1, y: 0.9999998, z: 1}
  m_Children: []
  m_Father: {fileID: 8726717989208093151}
  m_RootOrder: 2
  m_LocalEulerAnglesHint: {x: 0, y: 0, z: 0}
--- !u!137 &3563791814730076795
SkinnedMeshRenderer:
  m_ObjectHideFlags: 0
  m_CorrespondingSourceObject: {fileID: 0}
  m_PrefabInstance: {fileID: 0}
  m_PrefabAsset: {fileID: 0}
  m_GameObject: {fileID: 1060538796415040990}
  m_Enabled: 1
  m_CastShadows: 1
  m_ReceiveShadows: 1
  m_DynamicOccludee: 1
  m_MotionVectors: 1
  m_LightProbeUsage: 1
  m_ReflectionProbeUsage: 1
  m_RenderingLayerMask: 1
  m_RendererPriority: 0
  m_Materials:
  - {fileID: 2100000, guid: df7684734ca5c5749ad24ebb0a0eb5ee, type: 2}
  - {fileID: 2100000, guid: 621fc17ae0760704b99f06ae00c27539, type: 2}
  m_StaticBatchInfo:
    firstSubMesh: 0
    subMeshCount: 0
  m_StaticBatchRoot: {fileID: 0}
  m_ProbeAnchor: {fileID: 0}
  m_LightProbeVolumeOverride: {fileID: 0}
  m_ScaleInLightmap: 1
  m_PreserveUVs: 0
  m_IgnoreNormalsForChartDetection: 0
  m_ImportantGI: 0
  m_StitchLightmapSeams: 0
  m_SelectedEditorRenderState: 3
  m_MinimumChartSize: 4
  m_AutoUVMaxDistance: 0.5
  m_AutoUVMaxAngle: 89
  m_LightmapParameters: {fileID: 0}
  m_SortingLayerID: 0
  m_SortingLayer: 0
  m_SortingOrder: 0
  serializedVersion: 2
  m_Quality: 0
  m_UpdateWhenOffscreen: 0
  m_SkinnedMotionVectors: 1
  m_Mesh: {fileID: 4300014, guid: e60c4f1fd5985f64f96f97f1ef268104, type: 3}
  m_Bones:
  - {fileID: 6260463893339141361}
  - {fileID: 2353501055574455187}
  - {fileID: 71276883636226901}
  - {fileID: 7021469233311905096}
  - {fileID: 6614399300214038441}
  - {fileID: 8718584540343651859}
  - {fileID: 419472634169427804}
  - {fileID: 933610308188175280}
  - {fileID: 7437009179152681055}
  - {fileID: 3922952853982163895}
  - {fileID: 5847934791582546845}
  - {fileID: 7956895186921111538}
  - {fileID: 2544182836639655547}
  - {fileID: 2826346673289115505}
  m_BlendShapeWeights: []
  m_RootBone: {fileID: 6260463893339141361}
  m_AABB:
    m_Center: {x: -3.891068, y: -0.036253512, z: 0.12171358}
    m_Extent: {x: 1.6418157, y: 0.93679535, z: 0.77835846}
  m_DirtyAABB: 0
--- !u!1 &1610773680723302042
GameObject:
  m_ObjectHideFlags: 0
  m_CorrespondingSourceObject: {fileID: 0}
  m_PrefabInstance: {fileID: 0}
  m_PrefabAsset: {fileID: 0}
  serializedVersion: 6
  m_Component:
  - component: {fileID: 3947748393205337463}
  - component: {fileID: 2159110134082329944}
  m_Layer: 0
  m_Name: LeftLeg
  m_TagString: Untagged
  m_Icon: {fileID: 0}
  m_NavMeshLayer: 0
  m_StaticEditorFlags: 0
  m_IsActive: 1
--- !u!4 &3947748393205337463
Transform:
  m_ObjectHideFlags: 0
  m_CorrespondingSourceObject: {fileID: 0}
  m_PrefabInstance: {fileID: 0}
  m_PrefabAsset: {fileID: 0}
  m_GameObject: {fileID: 1610773680723302042}
  m_LocalRotation: {x: 0, y: -0, z: -0, w: 1}
  m_LocalPosition: {x: -0.69717807, y: 0.023801126, z: -2.0244503}
  m_LocalScale: {x: 1, y: 1, z: 1}
  m_Children: []
  m_Father: {fileID: 8726717989208093151}
  m_RootOrder: 5
  m_LocalEulerAnglesHint: {x: 0, y: 0, z: 0}
--- !u!137 &2159110134082329944
SkinnedMeshRenderer:
  m_ObjectHideFlags: 0
  m_CorrespondingSourceObject: {fileID: 0}
  m_PrefabInstance: {fileID: 0}
  m_PrefabAsset: {fileID: 0}
  m_GameObject: {fileID: 1610773680723302042}
  m_Enabled: 1
  m_CastShadows: 1
  m_ReceiveShadows: 1
  m_DynamicOccludee: 1
  m_MotionVectors: 1
  m_LightProbeUsage: 1
  m_ReflectionProbeUsage: 1
  m_RenderingLayerMask: 1
  m_RendererPriority: 0
  m_Materials:
  - {fileID: 2100000, guid: 22f0247678ce0d749be45157b2c8654e, type: 2}
  m_StaticBatchInfo:
    firstSubMesh: 0
    subMeshCount: 0
  m_StaticBatchRoot: {fileID: 0}
  m_ProbeAnchor: {fileID: 0}
  m_LightProbeVolumeOverride: {fileID: 0}
  m_ScaleInLightmap: 1
  m_PreserveUVs: 0
  m_IgnoreNormalsForChartDetection: 0
  m_ImportantGI: 0
  m_StitchLightmapSeams: 0
  m_SelectedEditorRenderState: 3
  m_MinimumChartSize: 4
  m_AutoUVMaxDistance: 0.5
  m_AutoUVMaxAngle: 89
  m_LightmapParameters: {fileID: 0}
  m_SortingLayerID: 0
  m_SortingLayer: 0
  m_SortingOrder: 0
  serializedVersion: 2
  m_Quality: 0
  m_UpdateWhenOffscreen: 0
  m_SkinnedMotionVectors: 1
  m_Mesh: {fileID: 4300000, guid: e60c4f1fd5985f64f96f97f1ef268104, type: 3}
  m_Bones:
  - {fileID: 6260463893339141361}
  - {fileID: 2353501055574455187}
  - {fileID: 71276883636226901}
  - {fileID: 7021469233311905096}
  - {fileID: 6614399300214038441}
  - {fileID: 8718584540343651859}
  - {fileID: 419472634169427804}
  - {fileID: 933610308188175280}
  - {fileID: 7437009179152681055}
  - {fileID: 3922952853982163895}
  - {fileID: 5847934791582546845}
  - {fileID: 7956895186921111538}
  - {fileID: 2544182836639655547}
  - {fileID: 2826346673289115505}
  m_BlendShapeWeights: []
  m_RootBone: {fileID: 6260463893339141361}
  m_AABB:
    m_Center: {x: 2.0940385, y: -1.0664732, z: -0.032966368}
    m_Extent: {x: 1.1873918, y: 0.89717126, z: 0.2405245}
  m_DirtyAABB: 0
--- !u!1 &1843052722073693107
GameObject:
  m_ObjectHideFlags: 0
  m_CorrespondingSourceObject: {fileID: 0}
  m_PrefabInstance: {fileID: 0}
  m_PrefabAsset: {fileID: 0}
  serializedVersion: 6
  m_Component:
  - component: {fileID: 2946019657843329321}
  - component: {fileID: 2355459339384257308}
  m_Layer: 0
  m_Name: RightFoot
  m_TagString: Untagged
  m_Icon: {fileID: 0}
  m_NavMeshLayer: 0
  m_StaticEditorFlags: 0
  m_IsActive: 1
--- !u!4 &2946019657843329321
Transform:
  m_ObjectHideFlags: 0
  m_CorrespondingSourceObject: {fileID: 0}
  m_PrefabInstance: {fileID: 0}
  m_PrefabAsset: {fileID: 0}
  m_GameObject: {fileID: 1843052722073693107}
  m_LocalRotation: {x: -0.11626404, y: 0.005049013, z: -0.009803112, w: 0.99315715}
  m_LocalPosition: {x: 1.0915895, y: 0.023819666, z: -3.3803432}
  m_LocalScale: {x: 0.99999714, y: 1.0000002, z: 0.9999997}
  m_Children: []
  m_Father: {fileID: 8726717989208093151}
  m_RootOrder: 7
  m_LocalEulerAnglesHint: {x: 0, y: 0, z: 0}
--- !u!137 &2355459339384257308
SkinnedMeshRenderer:
  m_ObjectHideFlags: 0
  m_CorrespondingSourceObject: {fileID: 0}
  m_PrefabInstance: {fileID: 0}
  m_PrefabAsset: {fileID: 0}
  m_GameObject: {fileID: 1843052722073693107}
  m_Enabled: 1
  m_CastShadows: 1
  m_ReceiveShadows: 1
  m_DynamicOccludee: 1
  m_MotionVectors: 1
  m_LightProbeUsage: 1
  m_ReflectionProbeUsage: 1
  m_RenderingLayerMask: 1
  m_RendererPriority: 0
  m_Materials:
  - {fileID: 2100000, guid: cbb46481b5dd5304bae1767f0a7614af, type: 2}
  m_StaticBatchInfo:
    firstSubMesh: 0
    subMeshCount: 0
  m_StaticBatchRoot: {fileID: 0}
  m_ProbeAnchor: {fileID: 0}
  m_LightProbeVolumeOverride: {fileID: 0}
  m_ScaleInLightmap: 1
  m_PreserveUVs: 0
  m_IgnoreNormalsForChartDetection: 0
  m_ImportantGI: 0
  m_StitchLightmapSeams: 0
  m_SelectedEditorRenderState: 3
  m_MinimumChartSize: 4
  m_AutoUVMaxDistance: 0.5
  m_AutoUVMaxAngle: 89
  m_LightmapParameters: {fileID: 0}
  m_SortingLayerID: 0
  m_SortingLayer: 0
  m_SortingOrder: 0
  serializedVersion: 2
  m_Quality: 0
  m_UpdateWhenOffscreen: 0
  m_SkinnedMotionVectors: 1
  m_Mesh: {fileID: 4300008, guid: e60c4f1fd5985f64f96f97f1ef268104, type: 3}
  m_Bones:
  - {fileID: 6260463893339141361}
  - {fileID: 2353501055574455187}
  - {fileID: 71276883636226901}
  - {fileID: 7021469233311905096}
  - {fileID: 6614399300214038441}
  - {fileID: 8718584540343651859}
  - {fileID: 419472634169427804}
  - {fileID: 933610308188175280}
  - {fileID: 7437009179152681055}
  - {fileID: 3922952853982163895}
  - {fileID: 5847934791582546845}
  - {fileID: 7956895186921111538}
  - {fileID: 2544182836639655547}
  - {fileID: 2826346673289115505}
  m_BlendShapeWeights: []
  m_RootBone: {fileID: 6260463893339141361}
  m_AABB:
    m_Center: {x: 3.0783212, y: 0.6061462, z: -0.038013518}
    m_Extent: {x: 0.6367748, y: 0.5789547, z: 0.63219}
  m_DirtyAABB: 0
--- !u!1 &2228093206739078496
GameObject:
  m_ObjectHideFlags: 0
  m_CorrespondingSourceObject: {fileID: 0}
  m_PrefabInstance: {fileID: 0}
  m_PrefabAsset: {fileID: 0}
  serializedVersion: 6
  m_Component:
  - component: {fileID: 2826346673289115505}
  m_Layer: 0
  m_Name: Hand_R
  m_TagString: Untagged
  m_Icon: {fileID: 0}
  m_NavMeshLayer: 0
  m_StaticEditorFlags: 0
  m_IsActive: 1
--- !u!4 &2826346673289115505
Transform:
  m_ObjectHideFlags: 0
  m_CorrespondingSourceObject: {fileID: 0}
  m_PrefabInstance: {fileID: 0}
  m_PrefabAsset: {fileID: 0}
  m_GameObject: {fileID: 2228093206739078496}
  m_LocalRotation: {x: -0.00019058312, y: 0.016464368, z: 0.011583552, w: 0.99979734}
  m_LocalPosition: {x: -1.4773777, y: 0.00000024959445, z: 0.000000059604645}
  m_LocalScale: {x: 1.0000001, y: 1.0000002, z: 1.0000002}
  m_Children: []
  m_Father: {fileID: 2544182836639655547}
  m_RootOrder: 0
  m_LocalEulerAnglesHint: {x: 0, y: 0, z: 0}
--- !u!1 &2991923301349477584
GameObject:
  m_ObjectHideFlags: 0
  m_CorrespondingSourceObject: {fileID: 0}
  m_PrefabInstance: {fileID: 0}
  m_PrefabAsset: {fileID: 0}
  serializedVersion: 6
  m_Component:
  - component: {fileID: 5903851217577688293}
  - component: {fileID: 319183948596606093}
  m_Layer: 0
  m_Name: LeftFoot
  m_TagString: Untagged
  m_Icon: {fileID: 0}
  m_NavMeshLayer: 0
  m_StaticEditorFlags: 0
  m_IsActive: 1
--- !u!4 &5903851217577688293
Transform:
  m_ObjectHideFlags: 0
  m_CorrespondingSourceObject: {fileID: 0}
  m_PrefabInstance: {fileID: 0}
  m_PrefabAsset: {fileID: 0}
  m_GameObject: {fileID: 2991923301349477584}
  m_LocalRotation: {x: -0.59837776, y: 0.08960055, z: -0.08449324, w: 0.7916923}
  m_LocalPosition: {x: -1.022667, y: 0.056874845, z: -3.428972}
  m_LocalScale: {x: 0.9999986, y: 1.0000001, z: 1}
  m_Children: []
  m_Father: {fileID: 8726717989208093151}
  m_RootOrder: 4
  m_LocalEulerAnglesHint: {x: 0, y: 0, z: 0}
--- !u!137 &319183948596606093
SkinnedMeshRenderer:
  m_ObjectHideFlags: 0
  m_CorrespondingSourceObject: {fileID: 0}
  m_PrefabInstance: {fileID: 0}
  m_PrefabAsset: {fileID: 0}
  m_GameObject: {fileID: 2991923301349477584}
  m_Enabled: 1
  m_CastShadows: 1
  m_ReceiveShadows: 1
  m_DynamicOccludee: 1
  m_MotionVectors: 1
  m_LightProbeUsage: 1
  m_ReflectionProbeUsage: 1
  m_RenderingLayerMask: 1
  m_RendererPriority: 0
  m_Materials:
  - {fileID: 2100000, guid: cbb46481b5dd5304bae1767f0a7614af, type: 2}
  m_StaticBatchInfo:
    firstSubMesh: 0
    subMeshCount: 0
  m_StaticBatchRoot: {fileID: 0}
  m_ProbeAnchor: {fileID: 0}
  m_LightProbeVolumeOverride: {fileID: 0}
  m_ScaleInLightmap: 1
  m_PreserveUVs: 0
  m_IgnoreNormalsForChartDetection: 0
  m_ImportantGI: 0
  m_StitchLightmapSeams: 0
  m_SelectedEditorRenderState: 3
  m_MinimumChartSize: 4
  m_AutoUVMaxDistance: 0.5
  m_AutoUVMaxAngle: 89
  m_LightmapParameters: {fileID: 0}
  m_SortingLayerID: 0
  m_SortingLayer: 0
  m_SortingOrder: 0
  serializedVersion: 2
  m_Quality: 0
  m_UpdateWhenOffscreen: 0
  m_SkinnedMotionVectors: 1
  m_Mesh: {fileID: 4300006, guid: e60c4f1fd5985f64f96f97f1ef268104, type: 3}
  m_Bones:
  - {fileID: 6260463893339141361}
  - {fileID: 2353501055574455187}
  - {fileID: 71276883636226901}
  - {fileID: 7021469233311905096}
  - {fileID: 6614399300214038441}
  - {fileID: 8718584540343651859}
  - {fileID: 419472634169427804}
  - {fileID: 933610308188175280}
  - {fileID: 7437009179152681055}
  - {fileID: 3922952853982163895}
  - {fileID: 5847934791582546845}
  - {fileID: 7956895186921111538}
  - {fileID: 2544182836639655547}
  - {fileID: 2826346673289115505}
  m_BlendShapeWeights: []
  m_RootBone: {fileID: 6260463893339141361}
  m_AABB:
    m_Center: {x: 3.187955, y: -1.0410528, z: -0.03888327}
    m_Extent: {x: 0.585999, y: 0.6790309, z: 0.6103321}
  m_DirtyAABB: 0
--- !u!1 &3062459154540011012
GameObject:
  m_ObjectHideFlags: 0
  m_CorrespondingSourceObject: {fileID: 0}
  m_PrefabInstance: {fileID: 0}
  m_PrefabAsset: {fileID: 0}
  serializedVersion: 6
  m_Component:
  - component: {fileID: 933610308188175280}
  m_Layer: 0
  m_Name: UpperArm_L
  m_TagString: Untagged
  m_Icon: {fileID: 0}
  m_NavMeshLayer: 0
  m_StaticEditorFlags: 0
  m_IsActive: 1
--- !u!4 &933610308188175280
Transform:
  m_ObjectHideFlags: 0
  m_CorrespondingSourceObject: {fileID: 0}
  m_PrefabInstance: {fileID: 0}
  m_PrefabAsset: {fileID: 0}
  m_GameObject: {fileID: 3062459154540011012}
  m_LocalRotation: {x: 0.1621289, y: 0.06960649, z: 0.54358435, w: 0.8206005}
  m_LocalPosition: {x: -1.3146306, y: -1.3048269, z: -0.02022563}
  m_LocalScale: {x: 1.0000002, y: 1.0000001, z: 1.0000001}
  m_Children:
  - {fileID: 7437009179152681055}
  m_Father: {fileID: 6260463893339141361}
  m_RootOrder: 1
  m_LocalEulerAnglesHint: {x: 0, y: 0, z: 0}
--- !u!1 &3148226808614091067
GameObject:
  m_ObjectHideFlags: 0
  m_CorrespondingSourceObject: {fileID: 0}
  m_PrefabInstance: {fileID: 0}
  m_PrefabAsset: {fileID: 0}
  serializedVersion: 6
  m_Component:
  - component: {fileID: 2353501055574455187}
  m_Layer: 0
  m_Name: UpperLeg_R
  m_TagString: Untagged
  m_Icon: {fileID: 0}
  m_NavMeshLayer: 0
  m_StaticEditorFlags: 0
  m_IsActive: 1
--- !u!4 &2353501055574455187
Transform:
  m_ObjectHideFlags: 0
  m_CorrespondingSourceObject: {fileID: 0}
  m_PrefabInstance: {fileID: 0}
  m_PrefabAsset: {fileID: 0}
  m_GameObject: {fileID: 3148226808614091067}
  m_LocalRotation: {x: 0.013908906, y: 0.009132255, z: 0.8914012, w: -0.45290962}
  m_LocalPosition: {x: 1.0809419, y: 0.28639618, z: -0.00035752356}
  m_LocalScale: {x: 1.0000021, y: 1.0000021, z: 1.0000001}
  m_Children:
  - {fileID: 71276883636226901}
  m_Father: {fileID: 6260463893339141361}
  m_RootOrder: 4
  m_LocalEulerAnglesHint: {x: 0, y: 0, z: 0}
--- !u!1 &3201361106616207570
GameObject:
  m_ObjectHideFlags: 0
  m_CorrespondingSourceObject: {fileID: 0}
  m_PrefabInstance: {fileID: 0}
  m_PrefabAsset: {fileID: 0}
  serializedVersion: 6
  m_Component:
  - component: {fileID: 2819468591014796125}
  - component: {fileID: 1028144870259799949}
  m_Layer: 0
  m_Name: RightLeg
  m_TagString: Untagged
  m_Icon: {fileID: 0}
  m_NavMeshLayer: 0
  m_StaticEditorFlags: 0
  m_IsActive: 1
--- !u!4 &2819468591014796125
Transform:
  m_ObjectHideFlags: 0
  m_CorrespondingSourceObject: {fileID: 0}
  m_PrefabInstance: {fileID: 0}
  m_PrefabAsset: {fileID: 0}
  m_GameObject: {fileID: 3201361106616207570}
  m_LocalRotation: {x: 0, y: -0, z: -0, w: 1}
  m_LocalPosition: {x: 0.71390426, y: 0.023801126, z: -2.0433428}
  m_LocalScale: {x: 1, y: 1, z: 1}
  m_Children: []
  m_Father: {fileID: 8726717989208093151}
  m_RootOrder: 8
  m_LocalEulerAnglesHint: {x: 0, y: 0, z: 0}
--- !u!137 &1028144870259799949
SkinnedMeshRenderer:
  m_ObjectHideFlags: 0
  m_CorrespondingSourceObject: {fileID: 0}
  m_PrefabInstance: {fileID: 0}
  m_PrefabAsset: {fileID: 0}
  m_GameObject: {fileID: 3201361106616207570}
  m_Enabled: 1
  m_CastShadows: 1
  m_ReceiveShadows: 1
  m_DynamicOccludee: 1
  m_MotionVectors: 1
  m_LightProbeUsage: 1
  m_ReflectionProbeUsage: 1
  m_RenderingLayerMask: 1
  m_RendererPriority: 0
  m_Materials:
  - {fileID: 2100000, guid: 22f0247678ce0d749be45157b2c8654e, type: 2}
  m_StaticBatchInfo:
    firstSubMesh: 0
    subMeshCount: 0
  m_StaticBatchRoot: {fileID: 0}
  m_ProbeAnchor: {fileID: 0}
  m_LightProbeVolumeOverride: {fileID: 0}
  m_ScaleInLightmap: 1
  m_PreserveUVs: 0
  m_IgnoreNormalsForChartDetection: 0
  m_ImportantGI: 0
  m_StitchLightmapSeams: 0
  m_SelectedEditorRenderState: 3
  m_MinimumChartSize: 4
  m_AutoUVMaxDistance: 0.5
  m_AutoUVMaxAngle: 89
  m_LightmapParameters: {fileID: 0}
  m_SortingLayerID: 0
  m_SortingLayer: 0
  m_SortingOrder: 0
  serializedVersion: 2
  m_Quality: 0
  m_UpdateWhenOffscreen: 0
  m_SkinnedMotionVectors: 1
  m_Mesh: {fileID: 4300002, guid: e60c4f1fd5985f64f96f97f1ef268104, type: 3}
  m_Bones:
  - {fileID: 6260463893339141361}
  - {fileID: 2353501055574455187}
  - {fileID: 71276883636226901}
  - {fileID: 7021469233311905096}
  - {fileID: 6614399300214038441}
  - {fileID: 8718584540343651859}
  - {fileID: 419472634169427804}
  - {fileID: 933610308188175280}
  - {fileID: 7437009179152681055}
  - {fileID: 3922952853982163895}
  - {fileID: 5847934791582546845}
  - {fileID: 7956895186921111538}
  - {fileID: 2544182836639655547}
  - {fileID: 2826346673289115505}
  m_BlendShapeWeights: []
  m_RootBone: {fileID: 6260463893339141361}
  m_AABB:
    m_Center: {x: 2.090704, y: 0.92881674, z: -0.0596679}
    m_Extent: {x: 1.1919993, y: 0.8101099, z: 0.24855207}
  m_DirtyAABB: 0
--- !u!1 &3632016652293091504
GameObject:
  m_ObjectHideFlags: 0
  m_CorrespondingSourceObject: {fileID: 0}
  m_PrefabInstance: {fileID: 0}
  m_PrefabAsset: {fileID: 0}
  serializedVersion: 6
  m_Component:
  - component: {fileID: 71276883636226901}
  m_Layer: 0
  m_Name: LowerLeg_R
  m_TagString: Untagged
  m_Icon: {fileID: 0}
  m_NavMeshLayer: 0
  m_StaticEditorFlags: 0
  m_IsActive: 1
--- !u!4 &71276883636226901
Transform:
  m_ObjectHideFlags: 0
  m_CorrespondingSourceObject: {fileID: 0}
  m_PrefabInstance: {fileID: 0}
  m_PrefabAsset: {fileID: 0}
  m_GameObject: {fileID: 3632016652293091504}
  m_LocalRotation: {x: -0.015089853, y: 0.03265905, z: -0.68400556, w: 0.7285891}
  m_LocalPosition: {x: -1.4150721, y: 0.00000010585063, z: -0.00000000372529}
  m_LocalScale: {x: 1.0000001, y: 0.9999995, z: 0.99999976}
  m_Children:
  - {fileID: 7021469233311905096}
  m_Father: {fileID: 2353501055574455187}
  m_RootOrder: 0
  m_LocalEulerAnglesHint: {x: 0, y: 0, z: 0}
--- !u!1 &4549574855827840862
GameObject:
  m_ObjectHideFlags: 0
  m_CorrespondingSourceObject: {fileID: 0}
  m_PrefabInstance: {fileID: 0}
  m_PrefabAsset: {fileID: 0}
  serializedVersion: 6
  m_Component:
  - component: {fileID: 7021469233311905096}
  m_Layer: 0
  m_Name: Foot_R
  m_TagString: Untagged
  m_Icon: {fileID: 0}
  m_NavMeshLayer: 0
  m_StaticEditorFlags: 0
  m_IsActive: 1
--- !u!4 &7021469233311905096
Transform:
  m_ObjectHideFlags: 0
  m_CorrespondingSourceObject: {fileID: 0}
  m_PrefabInstance: {fileID: 0}
  m_PrefabAsset: {fileID: 0}
  m_GameObject: {fileID: 4549574855827840862}
  m_LocalRotation: {x: 0.00000006614888, y: 0.000000003776187, z: -0.80374706, w: 0.5949712}
  m_LocalPosition: {x: -1.4150721, y: 0.00000018252103, z: 0.000000004540198}
  m_LocalScale: {x: 1, y: 1.0000001, z: 1}
  m_Children: []
  m_Father: {fileID: 71276883636226901}
  m_RootOrder: 0
  m_LocalEulerAnglesHint: {x: 0, y: 0, z: 0}
--- !u!1 &4571317397650650642
GameObject:
  m_ObjectHideFlags: 0
  m_CorrespondingSourceObject: {fileID: 0}
  m_PrefabInstance: {fileID: 0}
  m_PrefabAsset: {fileID: 0}
  serializedVersion: 6
  m_Component:
  - component: {fileID: 5847934791582546845}
  m_Layer: 0
  m_Name: Head_0
  m_TagString: Untagged
  m_Icon: {fileID: 0}
  m_NavMeshLayer: 0
  m_StaticEditorFlags: 0
  m_IsActive: 1
--- !u!4 &5847934791582546845
Transform:
  m_ObjectHideFlags: 0
  m_CorrespondingSourceObject: {fileID: 0}
  m_PrefabInstance: {fileID: 0}
  m_PrefabAsset: {fileID: 0}
  m_GameObject: {fileID: 4571317397650650642}
  m_LocalRotation: {x: 0.00000004164396, y: -0.000017092965, z: 0.002398027, w: 0.99999714}
  m_LocalPosition: {x: -2.4219172, y: -0.02155253, z: 0.028911293}
  m_LocalScale: {x: 1, y: 1, z: 1}
  m_Children: []
  m_Father: {fileID: 6260463893339141361}
  m_RootOrder: 0
  m_LocalEulerAnglesHint: {x: 0, y: 0, z: 0}
--- !u!1 &4835619404333730587
GameObject:
  m_ObjectHideFlags: 0
  m_CorrespondingSourceObject: {fileID: 0}
  m_PrefabInstance: {fileID: 0}
  m_PrefabAsset: {fileID: 0}
  serializedVersion: 6
  m_Component:
  - component: {fileID: 5191325781343852943}
  - component: {fileID: 704271544642213261}
  m_Layer: 0
  m_Name: RightArm
  m_TagString: Untagged
  m_Icon: {fileID: 0}
  m_NavMeshLayer: 0
  m_StaticEditorFlags: 0
  m_IsActive: 1
--- !u!4 &5191325781343852943
Transform:
  m_ObjectHideFlags: 0
  m_CorrespondingSourceObject: {fileID: 0}
  m_PrefabInstance: {fileID: 0}
  m_PrefabAsset: {fileID: 0}
  m_GameObject: {fileID: 4835619404333730587}
  m_LocalRotation: {x: 0, y: -0, z: -0, w: 1}
  m_LocalPosition: {x: 3.5225828, y: -0.004672194, z: 1.7558348}
  m_LocalScale: {x: 1, y: 1, z: 1}
  m_Children: []
  m_Father: {fileID: 8726717989208093151}
  m_RootOrder: 6
  m_LocalEulerAnglesHint: {x: 0, y: 0, z: 0}
--- !u!137 &704271544642213261
SkinnedMeshRenderer:
  m_ObjectHideFlags: 0
  m_CorrespondingSourceObject: {fileID: 0}
  m_PrefabInstance: {fileID: 0}
  m_PrefabAsset: {fileID: 0}
  m_GameObject: {fileID: 4835619404333730587}
  m_Enabled: 1
  m_CastShadows: 1
  m_ReceiveShadows: 1
  m_DynamicOccludee: 1
  m_MotionVectors: 1
  m_LightProbeUsage: 1
  m_ReflectionProbeUsage: 1
  m_RenderingLayerMask: 1
  m_RendererPriority: 0
  m_Materials:
  - {fileID: 2100000, guid: b2ab74f70df870c4099c2e51f2532fb9, type: 2}
  m_StaticBatchInfo:
    firstSubMesh: 0
    subMeshCount: 0
  m_StaticBatchRoot: {fileID: 0}
  m_ProbeAnchor: {fileID: 0}
  m_LightProbeVolumeOverride: {fileID: 0}
  m_ScaleInLightmap: 1
  m_PreserveUVs: 0
  m_IgnoreNormalsForChartDetection: 0
  m_ImportantGI: 0
  m_StitchLightmapSeams: 0
  m_SelectedEditorRenderState: 3
  m_MinimumChartSize: 4
  m_AutoUVMaxDistance: 0.5
  m_AutoUVMaxAngle: 89
  m_LightmapParameters: {fileID: 0}
  m_SortingLayerID: 0
  m_SortingLayer: 0
  m_SortingOrder: 0
  serializedVersion: 2
  m_Quality: 0
  m_UpdateWhenOffscreen: 0
  m_SkinnedMotionVectors: 1
  m_Mesh: {fileID: 4300010, guid: e60c4f1fd5985f64f96f97f1ef268104, type: 3}
  m_Bones:
  - {fileID: 6260463893339141361}
  - {fileID: 2353501055574455187}
  - {fileID: 71276883636226901}
  - {fileID: 7021469233311905096}
  - {fileID: 6614399300214038441}
  - {fileID: 8718584540343651859}
  - {fileID: 419472634169427804}
  - {fileID: 933610308188175280}
  - {fileID: 7437009179152681055}
  - {fileID: 3922952853982163895}
  - {fileID: 5847934791582546845}
  - {fileID: 7956895186921111538}
  - {fileID: 2544182836639655547}
  - {fileID: 2826346673289115505}
  m_BlendShapeWeights: []
  m_RootBone: {fileID: 6260463893339141361}
  m_AABB:
    m_Center: {x: -2.5173497, y: 1.941864, z: 0.10023466}
    m_Extent: {x: 1.695898, y: 1.1064863, z: 0.68793344}
  m_DirtyAABB: 0
--- !u!1 &5258238207411388257
GameObject:
  m_ObjectHideFlags: 0
  m_CorrespondingSourceObject: {fileID: 0}
  m_PrefabInstance: {fileID: 0}
  m_PrefabAsset: {fileID: 0}
  serializedVersion: 6
  m_Component:
  - component: {fileID: 7956895186921111538}
  m_Layer: 0
  m_Name: UpperArm_R
  m_TagString: Untagged
  m_Icon: {fileID: 0}
  m_NavMeshLayer: 0
  m_StaticEditorFlags: 0
  m_IsActive: 1
--- !u!4 &7956895186921111538
Transform:
  m_ObjectHideFlags: 0
  m_CorrespondingSourceObject: {fileID: 0}
  m_PrefabInstance: {fileID: 0}
  m_PrefabAsset: {fileID: 0}
  m_GameObject: {fileID: 5258238207411388257}
  m_LocalRotation: {x: -0.1621289, y: 0.06960654, z: -0.54358435, w: 0.8206005}
  m_LocalPosition: {x: -1.3274648, y: 1.2292565, z: -0.02022563}
  m_LocalScale: {x: 1.0000001, y: 1.0000001, z: 1.0000001}
  m_Children:
  - {fileID: 2544182836639655547}
  m_Father: {fileID: 6260463893339141361}
  m_RootOrder: 2
  m_LocalEulerAnglesHint: {x: 0, y: 0, z: 0}
--- !u!1 &5821814686980925887
GameObject:
  m_ObjectHideFlags: 0
  m_CorrespondingSourceObject: {fileID: 0}
  m_PrefabInstance: {fileID: 0}
  m_PrefabAsset: {fileID: 0}
  serializedVersion: 6
  m_Component:
  - component: {fileID: 7437009179152681055}
  m_Layer: 0
  m_Name: LowerArm_L
  m_TagString: Untagged
  m_Icon: {fileID: 0}
  m_NavMeshLayer: 0
  m_StaticEditorFlags: 0
  m_IsActive: 1
--- !u!4 &7437009179152681055
Transform:
  m_ObjectHideFlags: 0
  m_CorrespondingSourceObject: {fileID: 0}
  m_PrefabInstance: {fileID: 0}
  m_PrefabAsset: {fileID: 0}
  m_GameObject: {fileID: 5821814686980925887}
  m_LocalRotation: {x: -0.2395061, y: 0.076280855, z: -0.6622662, w: 0.7058481}
  m_LocalPosition: {x: -1.3639516, y: 0.00000036135316, z: -0.000000029802322}
  m_LocalScale: {x: 0.99999964, y: 0.9999998, z: 0.99999994}
  m_Children:
  - {fileID: 3922952853982163895}
  m_Father: {fileID: 933610308188175280}
  m_RootOrder: 0
  m_LocalEulerAnglesHint: {x: 0, y: 0, z: 0}
--- !u!1 &6195283286192975412
GameObject:
  m_ObjectHideFlags: 0
  m_CorrespondingSourceObject: {fileID: 0}
  m_PrefabInstance: {fileID: 0}
  m_PrefabAsset: {fileID: 0}
  serializedVersion: 6
  m_Component:
  - component: {fileID: 8726717989208093151}
  - component: {fileID: 7797847778390136129}
  - component: {fileID: 3330259565105186608}
  - component: {fileID: 3158825555925870535}
  m_Layer: 0
  m_Name: P_BenderCentered
  m_TagString: Bender
  m_Icon: {fileID: 0}
  m_NavMeshLayer: 0
  m_StaticEditorFlags: 0
  m_IsActive: 1
--- !u!4 &8726717989208093151
Transform:
  m_ObjectHideFlags: 0
  m_CorrespondingSourceObject: {fileID: 0}
  m_PrefabInstance: {fileID: 0}
  m_PrefabAsset: {fileID: 0}
  m_GameObject: {fileID: 6195283286192975412}
  m_LocalRotation: {x: 0, y: 0, z: 0, w: 1}
  m_LocalPosition: {x: 8.006596, y: 12.214098, z: -15.055992}
  m_LocalScale: {x: 1, y: 1, z: 1}
  m_Children:
  - {fileID: 6123616761562729347}
  - {fileID: 7811517799028946813}
  - {fileID: 4042465687659175682}
  - {fileID: 8429124827732196657}
  - {fileID: 5903851217577688293}
  - {fileID: 3947748393205337463}
  - {fileID: 5191325781343852943}
  - {fileID: 2946019657843329321}
  - {fileID: 2819468591014796125}
  m_Father: {fileID: 0}
  m_RootOrder: 0
  m_LocalEulerAnglesHint: {x: 0, y: 0, z: 0}
--- !u!95 &7797847778390136129
Animator:
  serializedVersion: 3
  m_ObjectHideFlags: 0
  m_CorrespondingSourceObject: {fileID: 0}
  m_PrefabInstance: {fileID: 0}
  m_PrefabAsset: {fileID: 0}
  m_GameObject: {fileID: 6195283286192975412}
  m_Enabled: 1
  m_Avatar: {fileID: 9000000, guid: e60c4f1fd5985f64f96f97f1ef268104, type: 3}
  m_Controller: {fileID: 9100000, guid: 39c5f7aba5d2dca41a36568ba62f7f8f, type: 2}
  m_CullingMode: 1
  m_UpdateMode: 0
  m_ApplyRootMotion: 0
  m_LinearVelocityBlending: 0
  m_WarningMessage: 
  m_HasTransformHierarchy: 1
  m_AllowConstantClipSamplingOptimization: 1
  m_KeepAnimatorControllerStateOnDisable: 0
--- !u!114 &3330259565105186608
MonoBehaviour:
  m_ObjectHideFlags: 0
  m_CorrespondingSourceObject: {fileID: 0}
  m_PrefabInstance: {fileID: 0}
  m_PrefabAsset: {fileID: 0}
  m_GameObject: {fileID: 6195283286192975412}
  m_Enabled: 1
  m_EditorHideFlags: 0
  m_Script: {fileID: 11500000, guid: 2798fbf76571f084590241a521e4d745, type: 3}
  m_Name: 
  m_EditorClassIdentifier: 
  ShatterModel: {fileID: 7750954321141282258, guid: 87034a75734314046a133c90761d4afc,
    type: 3}
--- !u!65 &3158825555925870535
BoxCollider:
  m_ObjectHideFlags: 0
  m_CorrespondingSourceObject: {fileID: 0}
  m_PrefabInstance: {fileID: 0}
  m_PrefabAsset: {fileID: 0}
  m_GameObject: {fileID: 6195283286192975412}
  m_Material: {fileID: 0}
  m_IsTrigger: 0
  m_Enabled: 1
  serializedVersion: 2
  m_Size: {x: 6.29, y: 8.73, z: 3.09}
  m_Center: {x: 0, y: 0, z: 0}
--- !u!1 &6437049492320197171
GameObject:
  m_ObjectHideFlags: 0
  m_CorrespondingSourceObject: {fileID: 0}
  m_PrefabInstance: {fileID: 0}
  m_PrefabAsset: {fileID: 0}
  serializedVersion: 6
  m_Component:
  - component: {fileID: 7811517799028946813}
  - component: {fileID: 8150371091001600065}
  m_Layer: 0
  m_Name: Body
  m_TagString: Untagged
  m_Icon: {fileID: 0}
  m_NavMeshLayer: 0
  m_StaticEditorFlags: 0
  m_IsActive: 1
--- !u!4 &7811517799028946813
Transform:
  m_ObjectHideFlags: 0
  m_CorrespondingSourceObject: {fileID: 0}
  m_PrefabInstance: {fileID: 0}
  m_PrefabAsset: {fileID: 0}
  m_GameObject: {fileID: 6437049492320197171}
  m_LocalRotation: {x: -0.048338763, y: 0.012880299, z: -0.011029089, w: 0.9986871}
  m_LocalPosition: {x: -0.012749672, y: -0.00587035, z: 0.78390574}
  m_LocalScale: {x: 0.99999994, y: 1.0000001, z: 1}
  m_Children: []
  m_Father: {fileID: 8726717989208093151}
  m_RootOrder: 1
  m_LocalEulerAnglesHint: {x: 0, y: 0, z: 0}
--- !u!137 &8150371091001600065
SkinnedMeshRenderer:
  m_ObjectHideFlags: 0
  m_CorrespondingSourceObject: {fileID: 0}
  m_PrefabInstance: {fileID: 0}
  m_PrefabAsset: {fileID: 0}
  m_GameObject: {fileID: 6437049492320197171}
  m_Enabled: 1
  m_CastShadows: 1
  m_ReceiveShadows: 1
  m_DynamicOccludee: 1
  m_MotionVectors: 1
  m_LightProbeUsage: 1
  m_ReflectionProbeUsage: 1
  m_RenderingLayerMask: 1
  m_RendererPriority: 0
  m_Materials:
  - {fileID: 2100000, guid: 621fc17ae0760704b99f06ae00c27539, type: 2}
  m_StaticBatchInfo:
    firstSubMesh: 0
    subMeshCount: 0
  m_StaticBatchRoot: {fileID: 0}
  m_ProbeAnchor: {fileID: 0}
  m_LightProbeVolumeOverride: {fileID: 0}
  m_ScaleInLightmap: 1
  m_PreserveUVs: 0
  m_IgnoreNormalsForChartDetection: 0
  m_ImportantGI: 0
  m_StitchLightmapSeams: 0
  m_SelectedEditorRenderState: 3
  m_MinimumChartSize: 4
  m_AutoUVMaxDistance: 0.5
  m_AutoUVMaxAngle: 89
  m_LightmapParameters: {fileID: 0}
  m_SortingLayerID: 0
  m_SortingLayer: 0
  m_SortingOrder: 0
  serializedVersion: 2
  m_Quality: 0
  m_UpdateWhenOffscreen: 0
  m_SkinnedMotionVectors: 1
  m_Mesh: {fileID: 4300012, guid: e60c4f1fd5985f64f96f97f1ef268104, type: 3}
  m_Bones:
  - {fileID: 6260463893339141361}
  - {fileID: 2353501055574455187}
  - {fileID: 71276883636226901}
  - {fileID: 7021469233311905096}
  - {fileID: 6614399300214038441}
  - {fileID: 8718584540343651859}
  - {fileID: 419472634169427804}
  - {fileID: 933610308188175280}
  - {fileID: 7437009179152681055}
  - {fileID: 3922952853982163895}
  - {fileID: 5847934791582546845}
  - {fileID: 7956895186921111538}
  - {fileID: 2544182836639655547}
  - {fileID: 2826346673289115505}
  m_BlendShapeWeights: []
  m_RootBone: {fileID: 6260463893339141361}
  m_AABB:
    m_Center: {x: -0.56090045, y: -0.047908902, z: 0.00013816357}
    m_Extent: {x: 1.6960905, y: 1.2938062, z: 1.2145388}
  m_DirtyAABB: 0
--- !u!1 &6563169646323217265
GameObject:
  m_ObjectHideFlags: 0
  m_CorrespondingSourceObject: {fileID: 0}
  m_PrefabInstance: {fileID: 0}
  m_PrefabAsset: {fileID: 0}
  serializedVersion: 6
  m_Component:
  - component: {fileID: 2544182836639655547}
  m_Layer: 0
  m_Name: LowerArm_R
  m_TagString: Untagged
  m_Icon: {fileID: 0}
  m_NavMeshLayer: 0
  m_StaticEditorFlags: 0
  m_IsActive: 1
--- !u!4 &2544182836639655547
Transform:
  m_ObjectHideFlags: 0
  m_CorrespondingSourceObject: {fileID: 0}
  m_PrefabInstance: {fileID: 0}
  m_PrefabAsset: {fileID: 0}
  m_GameObject: {fileID: 6563169646323217265}
  m_LocalRotation: {x: 0.23918746, y: 0.095460534, z: 0.62599707, w: 0.7360736}
  m_LocalPosition: {x: -1.3639519, y: -0.00000012665987, z: 0.00000011920929}
  m_LocalScale: {x: 0.9999997, y: 1.0000001, z: 0.9999999}
  m_Children:
  - {fileID: 2826346673289115505}
  m_Father: {fileID: 7956895186921111538}
  m_RootOrder: 0
  m_LocalEulerAnglesHint: {x: 0, y: 0, z: 0}
--- !u!1 &7033938484247531350
GameObject:
  m_ObjectHideFlags: 0
  m_CorrespondingSourceObject: {fileID: 0}
  m_PrefabInstance: {fileID: 0}
  m_PrefabAsset: {fileID: 0}
  serializedVersion: 6
  m_Component:
  - component: {fileID: 6614399300214038441}
  m_Layer: 0
  m_Name: UpperLeg_L
  m_TagString: Untagged
  m_Icon: {fileID: 0}
  m_NavMeshLayer: 0
  m_StaticEditorFlags: 0
  m_IsActive: 1
--- !u!4 &6614399300214038441
Transform:
  m_ObjectHideFlags: 0
  m_CorrespondingSourceObject: {fileID: 0}
  m_PrefabInstance: {fileID: 0}
  m_PrefabAsset: {fileID: 0}
  m_GameObject: {fileID: 7033938484247531350}
  m_LocalRotation: {x: -0.012287429, y: -0.014783057, z: 0.8664686, w: 0.49886137}
  m_LocalPosition: {x: 1.1344185, y: -0.36594024, z: -0.00035752356}
  m_LocalScale: {x: 1.0000018, y: 1.0000012, z: 1}
  m_Children:
  - {fileID: 8718584540343651859}
  m_Father: {fileID: 6260463893339141361}
  m_RootOrder: 3
  m_LocalEulerAnglesHint: {x: 0, y: 0, z: 0}
--- !u!1 &7443106236903011083
GameObject:
  m_ObjectHideFlags: 0
  m_CorrespondingSourceObject: {fileID: 0}
  m_PrefabInstance: {fileID: 0}
  m_PrefabAsset: {fileID: 0}
  serializedVersion: 6
  m_Component:
  - component: {fileID: 8429124827732196657}
  - component: {fileID: 3053432110162052984}
  m_Layer: 0
  m_Name: LeftArm
  m_TagString: Untagged
  m_Icon: {fileID: 0}
  m_NavMeshLayer: 0
  m_StaticEditorFlags: 0
  m_IsActive: 1
--- !u!4 &8429124827732196657
Transform:
  m_ObjectHideFlags: 0
  m_CorrespondingSourceObject: {fileID: 0}
  m_PrefabInstance: {fileID: 0}
  m_PrefabAsset: {fileID: 0}
  m_GameObject: {fileID: 7443106236903011083}
  m_LocalRotation: {x: 0, y: -0, z: -0, w: 1}
  m_LocalPosition: {x: -3.4707346, y: -0.026381793, z: 1.7558353}
  m_LocalScale: {x: 1, y: 1, z: 1}
  m_Children: []
  m_Father: {fileID: 8726717989208093151}
  m_RootOrder: 3
  m_LocalEulerAnglesHint: {x: 0, y: 0, z: 0}
--- !u!137 &3053432110162052984
SkinnedMeshRenderer:
  m_ObjectHideFlags: 0
  m_CorrespondingSourceObject: {fileID: 0}
  m_PrefabInstance: {fileID: 0}
  m_PrefabAsset: {fileID: 0}
  m_GameObject: {fileID: 7443106236903011083}
  m_Enabled: 1
  m_CastShadows: 1
  m_ReceiveShadows: 1
  m_DynamicOccludee: 1
  m_MotionVectors: 1
  m_LightProbeUsage: 1
  m_ReflectionProbeUsage: 1
  m_RenderingLayerMask: 1
  m_RendererPriority: 0
  m_Materials:
  - {fileID: 2100000, guid: b2ab74f70df870c4099c2e51f2532fb9, type: 2}
  m_StaticBatchInfo:
    firstSubMesh: 0
    subMeshCount: 0
  m_StaticBatchRoot: {fileID: 0}
  m_ProbeAnchor: {fileID: 0}
  m_LightProbeVolumeOverride: {fileID: 0}
  m_ScaleInLightmap: 1
  m_PreserveUVs: 0
  m_IgnoreNormalsForChartDetection: 0
  m_ImportantGI: 0
  m_StitchLightmapSeams: 0
  m_SelectedEditorRenderState: 3
  m_MinimumChartSize: 4
  m_AutoUVMaxDistance: 0.5
  m_AutoUVMaxAngle: 89
  m_LightmapParameters: {fileID: 0}
  m_SortingLayerID: 0
  m_SortingLayer: 0
  m_SortingOrder: 0
  serializedVersion: 2
  m_Quality: 0
  m_UpdateWhenOffscreen: 0
  m_SkinnedMotionVectors: 1
  m_Mesh: {fileID: 4300004, guid: e60c4f1fd5985f64f96f97f1ef268104, type: 3}
  m_Bones:
  - {fileID: 6260463893339141361}
  - {fileID: 2353501055574455187}
  - {fileID: 71276883636226901}
  - {fileID: 7021469233311905096}
  - {fileID: 6614399300214038441}
  - {fileID: 8718584540343651859}
  - {fileID: 419472634169427804}
  - {fileID: 933610308188175280}
  - {fileID: 7437009179152681055}
  - {fileID: 3922952853982163895}
  - {fileID: 5847934791582546845}
  - {fileID: 7956895186921111538}
  - {fileID: 2544182836639655547}
  - {fileID: 2826346673289115505}
  m_BlendShapeWeights: []
  m_RootBone: {fileID: 6260463893339141361}
  m_AABB:
    m_Center: {x: -2.4705224, y: -1.9655316, z: 0.049226224}
    m_Extent: {x: 1.6730771, y: 1.1114633, z: 0.62927264}
  m_DirtyAABB: 0
--- !u!1 &8435845449830473711
GameObject:
  m_ObjectHideFlags: 0
  m_CorrespondingSourceObject: {fileID: 0}
  m_PrefabInstance: {fileID: 0}
  m_PrefabAsset: {fileID: 0}
  serializedVersion: 6
  m_Component:
  - component: {fileID: 6260463893339141361}
  m_Layer: 0
  m_Name: Body_0
  m_TagString: Untagged
  m_Icon: {fileID: 0}
  m_NavMeshLayer: 0
  m_StaticEditorFlags: 0
  m_IsActive: 1
--- !u!4 &6260463893339141361
Transform:
  m_ObjectHideFlags: 0
  m_CorrespondingSourceObject: {fileID: 0}
  m_PrefabInstance: {fileID: 0}
  m_PrefabAsset: {fileID: 0}
  m_GameObject: {fileID: 8435845449830473711}
  m_LocalRotation: {x: 0.50000006, y: 0.49999997, z: -0.49999997, w: 0.50000006}
  m_LocalPosition: {x: 0.035160303, y: -0.005732417, z: 0.3856148}
  m_LocalScale: {x: 1, y: 1, z: 1}
  m_Children:
  - {fileID: 5847934791582546845}
  - {fileID: 933610308188175280}
  - {fileID: 7956895186921111538}
  - {fileID: 6614399300214038441}
  - {fileID: 2353501055574455187}
  m_Father: {fileID: 6123616761562729347}
  m_RootOrder: 0
  m_LocalEulerAnglesHint: {x: 0, y: 0, z: 0}
--- !u!1 &9116354646056961734
GameObject:
  m_ObjectHideFlags: 0
  m_CorrespondingSourceObject: {fileID: 0}
  m_PrefabInstance: {fileID: 0}
  m_PrefabAsset: {fileID: 0}
  serializedVersion: 6
  m_Component:
  - component: {fileID: 6123616761562729347}
  m_Layer: 0
  m_Name: Armature
  m_TagString: Untagged
  m_Icon: {fileID: 0}
  m_NavMeshLayer: 0
  m_StaticEditorFlags: 0
  m_IsActive: 1
--- !u!4 &6123616761562729347
Transform:
  m_ObjectHideFlags: 0
  m_CorrespondingSourceObject: {fileID: 0}
  m_PrefabInstance: {fileID: 0}
  m_PrefabAsset: {fileID: 0}
  m_GameObject: {fileID: 9116354646056961734}
  m_LocalRotation: {x: -0.7071068, y: 0, z: -0, w: 0.7071068}
  m_LocalPosition: {x: -0.0077843666, y: -0.7775967, z: 0.023801792}
  m_LocalScale: {x: 1, y: 1, z: 1}
  m_Children:
  - {fileID: 6260463893339141361}
  m_Father: {fileID: 8726717989208093151}
  m_RootOrder: 0
  m_LocalEulerAnglesHint: {x: 0, y: 0, z: 0}
--- !u!1 &9135362504711348218
GameObject:
  m_ObjectHideFlags: 0
  m_CorrespondingSourceObject: {fileID: 0}
  m_PrefabInstance: {fileID: 0}
  m_PrefabAsset: {fileID: 0}
  serializedVersion: 6
  m_Component:
  - component: {fileID: 8718584540343651859}
  m_Layer: 0
  m_Name: LowerLeg_L
  m_TagString: Untagged
  m_Icon: {fileID: 0}
  m_NavMeshLayer: 0
  m_StaticEditorFlags: 0
  m_IsActive: 1
--- !u!4 &8718584540343651859
Transform:
  m_ObjectHideFlags: 0
  m_CorrespondingSourceObject: {fileID: 0}
  m_PrefabInstance: {fileID: 0}
  m_PrefabAsset: {fileID: 0}
  m_GameObject: {fileID: 9135362504711348218}
  m_LocalRotation: {x: 0.027850144, y: -0.01689545, z: 0.6193243, w: 0.78445923}
  m_LocalPosition: {x: -1.4150721, y: -0.00000010826625, z: -9.31323e-10}
  m_LocalScale: {x: 1.0000004, y: 0.99999976, z: 1.0000001}
  m_Children:
  - {fileID: 419472634169427804}
  m_Father: {fileID: 6614399300214038441}
  m_RootOrder: 0
  m_LocalEulerAnglesHint: {x: 0, y: 0, z: 0}
